@PREAMBLE{
 "\providecommand{\noopsort}[1]{}" 
 # "\providecommand{\singleletter}[1]{#1}%"
}

@misc{chatgpt2025,
  author       = {OpenAI},
  title        = {ChatGPT (vers√£o GPT-4)},
  year         = {2025},
  url          = {https://chat.openai.com/}
}

@misc{moodle2025,
  author       = {ESTG-IPP},
  title        = {Plataforma Moodle da ESTG-IPP},
  year         = {2025},
  url          = {https://moodle2.estg.ipp.pt}
}